@String(PAMI = {IEEE Trans. Pattern Anal. Mach. Intell.})
@String(IJCV = {Int. J. Comput. Vis.})
@String(CVPR= {IEEE Conf. Comput. Vis. Pattern Recog.})
@String(ICCV= {Int. Conf. Comput. Vis.})
@String(ECCV= {Eur. Conf. Comput. Vis.})
@String(NIPS= {Adv. Neural Inform. Process. Syst.})
@String(ICPR = {Int. Conf. Pattern Recog.})
@String(BMVC= {Brit. Mach. Vis. Conf.})
@String(TOG= {ACM Trans. Graph.})
@String(TIP  = {IEEE Trans. Image Process.})
@String(TVCG  = {IEEE Trans. Vis. Comput. Graph.})
@String(TMM  = {IEEE Trans. Multimedia})
@String(ACMMM= {ACM Int. Conf. Multimedia})
@String(ICME = {Int. Conf. Multimedia and Expo})
@String(ICASSP=	{ICASSP})
@String(ICIP = {IEEE Int. Conf. Image Process.})
@String(ACCV  = {ACCV})
@String(ICLR = {Int. Conf. Learn. Represent.})
@String(IJCAI = {IJCAI})
@String(PR   = {Pattern Recognition})
@String(AAAI = {AAAI})
@String(CVPRW= {IEEE Conf. Comput. Vis. Pattern Recog. Worksh.})
@String(CSVT = {IEEE Trans. Circuit Syst. Video Technol.})

@String(SPL	= {IEEE Sign. Process. Letters})
@String(VR   = {Vis. Res.})
@String(JOV	 = {J. Vis.})
@String(TVC  = {The Vis. Comput.})
@String(JCST  = {J. Comput. Sci. Tech.})
@String(CGF  = {Comput. Graph. Forum})
@String(CVM = {Computational Visual Media})


@String(PAMI  = {IEEE TPAMI})
@String(IJCV  = {IJCV})
@String(CVPR  = {CVPR})
@String(ICCV  = {ICCV})
@String(ECCV  = {ECCV})
@String(NIPS  = {NeurIPS})
@String(ICPR  = {ICPR})
@String(BMVC  =	{BMVC})
@String(TOG   = {ACM TOG})
@String(TIP   = {IEEE TIP})
@String(TVCG  = {IEEE TVCG})
@String(TCSVT = {IEEE TCSVT})
@String(TMM   =	{IEEE TMM})
@String(ACMMM = {ACM MM})
@String(ICME  =	{ICME})
@String(ICASSP=	{ICASSP})
@String(ICIP  = {ICIP})
@String(ACCV  = {ACCV})
@String(ICLR  = {ICLR})
@String(IJCAI = {IJCAI})
@String(PR = {PR})
@String(AAAI = {AAAI})
@String(CVPRW= {CVPRW})
@String(CSVT = {IEEE TCSVT})

@article{Alpher03,
author = {FirstName Alpher and  FirstName Fotheringham-Smythe},
title = {Frobnication revisited},
journal = {Journal of Foo},
volume = 13,
number = 1,
pages = {234--778},
year = 2003
}

@article{weinstein2020deepforest,
  title={DeepForest: A Python package for RGB deep learning tree crown delineation},
  author={Weinstein, Ben G and Marconi, Sergio and Aubry-Kientz, M{\'e}laine and Vincent, Gregoire and Senyondo, Henry and White, Ethan P},
  journal={Methods in Ecology and Evolution},
  volume={11},
  number={12},
  pages={1743--1751},
  year={2020},
  publisher={Wiley Online Library}
}

@article{weinstein2020cross,
  title={Cross-site learning in deep learning RGB tree crown detection},
  author={Weinstein, Ben G and Marconi, Sergio and Bohlman, Stephanie A and Zare, Alina and White, Ethan P},
  journal={Ecological Informatics},
  volume={56},
  pages={101061},
  year={2020},
  publisher={Elsevier}
}

@inproceedings{liu2008isolation,
  title={Isolation forest},
  author={Liu, Fei Tony and Ting, Kai Ming and Zhou, Zhi-Hua},
  booktitle={2008 eighth ieee international conference on data mining},
  pages={413--422},
  year={2008},
  organization={IEEE}
}

@article{peterson2009k,
  title={K-nearest neighbor},
  author={Peterson, Leif E},
  journal={Scholarpedia},
  volume={4},
  number={2},
  pages={1883},
  year={2009}
}

@inproceedings{retinanet,
  author={Lin, Tsung-Yi and Goyal, Priya and Girshick, Ross and He, Kaiming and Doll√°r, Piotr},
  booktitle={2017 IEEE International Conference on Computer Vision (ICCV)}, 
  title={Focal Loss for Dense Object Detection}, 
  year={2017},
  volume={},
  number={},
  pages={2999-3007},
  doi={10.1109/ICCV.2017.324}
}

@inproceedings{yolo,
  author={Redmon, Joseph and Divvala, Santosh and Girshick, Ross and Farhadi, Ali},
  booktitle={2016 IEEE Conference on Computer Vision and Pattern Recognition (CVPR)}, 
  title={You Only Look Once: Unified, Real-Time Object Detection}, 
  year={2016},
  volume={},
  number={},
  pages={779-788},
  doi={10.1109/CVPR.2016.91}}

@InProceedings{detr,
author="Carion, Nicolas
and Massa, Francisco
and Synnaeve, Gabriel
and Usunier, Nicolas
and Kirillov, Alexander
and Zagoruyko, Sergey",
editor="Vedaldi, Andrea
and Bischof, Horst
and Brox, Thomas
and Frahm, Jan-Michael",
title="End-to-End Object Detection with Transformers",
booktitle="Computer Vision -- ECCV 2020",
year="2020",
publisher="Springer International Publishing",
address="Cham",
pages="213--229",
isbn="978-3-030-58452-8"
}


@misc{https://doi.org/10.48550/arxiv.1412.6980,
  doi = {10.48550/ARXIV.1412.6980},
  
  url = {https://arxiv.org/abs/1412.6980},
  
  author = {Kingma, Diederik P. and Ba, Jimmy},
  
  keywords = {Machine Learning (cs.LG), FOS: Computer and information sciences, FOS: Computer and information sciences},
  
  title = {Adam: A Method for Stochastic Optimization},
  
  publisher = {arXiv},
  
  year = {2014},
  
  copyright = {arXiv.org perpetual, non-exclusive license}
}

@misc{https://doi.org/10.48550/arxiv.1803.08375,
  doi = {10.48550/ARXIV.1803.08375},
  
  url = {https://arxiv.org/abs/1803.08375},
  
  author = {Agarap, Abien Fred},
  
  keywords = {Neural and Evolutionary Computing (cs.NE), Computer Vision and Pattern Recognition (cs.CV), Machine Learning (cs.LG), Machine Learning (stat.ML), FOS: Computer and information sciences, FOS: Computer and information sciences},
  
  title = {Deep Learning using Rectified Linear Units (ReLU)},
  
  publisher = {arXiv},
  
  year = {2018},
  
  copyright = {Creative Commons Attribution Non Commercial Share Alike 4.0 International}
}


@misc{https://doi.org/10.48550/arxiv.1512.03385,
  doi = {10.48550/ARXIV.1512.03385},
  
  url = {https://arxiv.org/abs/1512.03385},
  
  author = {He, Kaiming and Zhang, Xiangyu and Ren, Shaoqing and Sun, Jian},
  
  keywords = {Computer Vision and Pattern Recognition (cs.CV), FOS: Computer and information sciences, FOS: Computer and information sciences},
  
  title = {Deep Residual Learning for Image Recognition},
  
  publisher = {arXiv},
  
  year = {2015},
  
  copyright = {arXiv.org perpetual, non-exclusive license}
}
